<?xml version = "1.0" encoding = "UTF-8"?><record>
  <leader>01045nam#a2200277#cb4500</leader>
  <controlfield tag="005">20210409135151.0</controlfield>
  <controlfield tag="007">tu</controlfield>
  <controlfield tag="008">170215|1987####xx############|||#|#eng#c</controlfield>
  <controlfield tag="003">DE-605</controlfield>
  <controlfield tag="001">990216943450206441</controlfield>
  <datafield tag="016" ind1="7" ind2=" ">
    <subfield code="a">1075274199</subfield>
    <subfield code="2">OCoLC</subfield>
  </datafield>
  <datafield tag="035" ind1=" " ind2=" ">
    <subfield code="a">(DE-605)TT003561680</subfield>
  </datafield>
  <datafield tag="040" ind1=" " ind2=" ">
    <subfield code="a">82/Inst</subfield>
    <subfield code="b">ger</subfield>
    <subfield code="c">82/Inst</subfield>
    <subfield code="e">rakwb</subfield>
  </datafield>
  <datafield tag="041" ind1=" " ind2=" ">
    <subfield code="a">eng</subfield>
  </datafield>
  <datafield tag="110" ind1="2" ind2=" ">
    <subfield code="a">Commission of the European Communities</subfield>
    <subfield code="4">aut</subfield>
  </datafield>
  <datafield tag="245" ind1="1" ind2="0">
    <subfield code="a">Analytical methodologies for selected organic pollutants in the aquatic environment</subfield>
    <subfield code="b">proceedings of a workshop [held in Berlin, 30 sept. - 1 oct. 1986]</subfield>
    <subfield code="c">Commission of the European Communities ; Umweltbundesamt, Berlin</subfield>
  </datafield>
  <datafield tag="264" ind1=" " ind2="1">
    <subfield code="a">Brussels</subfield>
    <subfield code="c">1987</subfield>
  </datafield>
  <datafield tag="300" ind1=" " ind2=" ">
    <subfield code="a">VIII, 211 S. : graph. Darst.</subfield>
  </datafield>
  <datafield tag="490" ind1="1" ind2=" ">
    <subfield code="a">Water pollution research report</subfield>
    <subfield code="v">1</subfield>
  </datafield>
  <datafield tag="710" ind1="2" ind2=" ">
    <subfield code="a">Deutschland (Bundesrepublik)</subfield>
    <subfield code="b">Umweltbundesamt</subfield>
    <subfield code="4">aut</subfield>
  </datafield>
  <datafield tag="830" ind1=" " ind2="0">
    <subfield code="a">Water pollution research report</subfield>
    <subfield code="w">(DE-605)HT007391181</subfield>
    <subfield code="v">1</subfield>
    <subfield code="9">O:1</subfield>
  </datafield>
  <datafield tag="961" ind1=" " ind2=" ">
    <subfield code="a">Report-Nr. EUR 11070</subfield>
  </datafield>
  <datafield tag="964" ind1="0" ind2="s">
    <subfield code="F">030</subfield>
    <subfield code="A">a|1uc||||||27</subfield>
  </datafield>
  <datafield tag="964" ind1="0" ind2="s">
    <subfield code="F">050</subfield>
    <subfield code="A">a|||||||||||||</subfield>
  </datafield>
  <datafield tag="964" ind1="0" ind2="s">
    <subfield code="F">051</subfield>
    <subfield code="A">s|||||||</subfield>
  </datafield>
  <datafield tag="035" ind1=" " ind2=" ">
    <subfield code="a">(OCoLC)1075274199</subfield>
    <subfield code="0">(uri) http://www.worldcat.org/oclc/1075274199</subfield>
  </datafield>
  <datafield tag="MBD" ind1=" " ind2=" ">
    <subfield code="M">49HBZ_NETWORK</subfield>
    <subfield code="i">990216943450206441</subfield>
    <subfield code="n">HBZ Network</subfield>
  </datafield>
  <datafield tag="MBD" ind1=" " ind2=" ">
    <subfield code="M">49HBZ_UBA</subfield>
    <subfield code="i">991008493629706448</subfield>
    <subfield code="n">RWTH Aachen</subfield>
  </datafield>
  <datafield tag="830" ind1=" " ind2="0">
    <subfield code="a">Water pollution research report</subfield>
    <subfield code="w">(DE-605)HT007391181</subfield>
    <subfield code="v">1</subfield>
    <subfield code="9">O:1</subfield>
    <subfield code="M">49HBZ_UBA</subfield>
  </datafield>
  <datafield tag="980" ind1="1" ind2=" ">
    <subfield code="e">HBZ</subfield>
    <subfield code="9">LOCAL</subfield>
    <subfield code="M">49HBZ_UBA</subfield>
  </datafield>
  <datafield tag="981" ind1=" " ind2=" ">
    <subfield code="a">(DE-82)2451103</subfield>
    <subfield code="9">LOCAL</subfield>
    <subfield code="M">49HBZ_UBA</subfield>
  </datafield>
  <datafield tag="997" ind1=" " ind2=" ">
    <subfield code="a">20170316</subfield>
    <subfield code="b">20170420</subfield>
    <subfield code="9">LOCAL</subfield>
    <subfield code="M">49HBZ_UBA</subfield>
  </datafield>
  <datafield tag="MNG" ind1=" " ind2=" ">
    <subfield code="c">System</subfield>
    <subfield code="f">ILS</subfield>
    <subfield code="i">marc21</subfield>
    <subfield code="k">01</subfield>
    <subfield code="e">false</subfield>
    <subfield code="d">2021-04-09 13:51:51 Europe/Berlin</subfield>
    <subfield code="g">021694345-HBZ01</subfield>
    <subfield code="j">50</subfield>
    <subfield code="a">import</subfield>
    <subfield code="b">2021-04-05 17:41:56 Europe/Berlin</subfield>
  </datafield>
  <datafield tag="H52" ind1="8" ind2=" ">
    <subfield code="b">222</subfield>
    <subfield code="c">0</subfield>
    <subfield code="8">22214912560006448</subfield>
  </datafield>
  <datafield tag="HOL" ind1=" " ind2=" ">
    <subfield code="b">2022-07-20 20:56:28</subfield>
    <subfield code="8">22214912560006448</subfield>
    <subfield code="M">49HBZ_UBA</subfield>
    <subfield code="g">false</subfield>
    <subfield code="a">import</subfield>
  </datafield>
  <datafield tag="ITM" ind1=" " ind2=" ">
    <subfield code="H">22214912560006448</subfield>
    <subfield code="x">0</subfield>
    <subfield code="f">BOOK</subfield>
    <subfield code="v">0</subfield>
    <subfield code="p">Kurzausleihe</subfield>
    <subfield code="X">System</subfield>
    <subfield code="U">2022-07-20 10:59:00</subfield>
    <subfield code="Y">2022-07-20 20:56:59</subfield>
    <subfield code="h">false</subfield>
    <subfield code="n">222:U 65,1</subfield>
    <subfield code="G">1</subfield>
    <subfield code="M">49HBZ_UBA</subfield>
    <subfield code="s">1</subfield>
    <subfield code="d">8</subfield>
    <subfield code="V">import</subfield>
    <subfield code="L">Interne Fusszeile: Inventarnummer: 299/04 | Magazinetage: 0</subfield>
    <subfield code="b">222:008864</subfield>
    <subfield code="O">Ausleihz&#228;hler Migrationsjahr: 0 | Ausleihz&#228;hler Vor-Migrationsjahr: 0 | Ausleihz&#228;hler vorletztes Migrationsjahr: 0 | Vormerkz&#228;hler Migrationsjahr: 0 | Buchdaten-Aufnahmedatum: 2017-04-20</subfield>
    <subfield code="N">Fernleihkonditionen: 3</subfield>
    <subfield code="a">23214912550006448</subfield>
    <subfield code="t">8</subfield>
    <subfield code="W">2022-07-20 20:56:28</subfield>
    <subfield code="u">222</subfield>
    <subfield code="w">222</subfield>
  </datafield>
</record>